@article{einstein,
    author =       "Albert Einstein",
    title =        "{Zur Elektrodynamik bewegter K{\"o}rper}. ({German})
        [{On} the electrodynamics of moving bodies]",
    journal =      "Annalen der Physik",
    volume =       "322",
    number =       "10",
    pages =        "891--921",
    year =         "2015",
    DOI =          "http://dx.doi.org/10.1002/andp.19053221004"
}

@Inbook{Furrer2016,
author="Furrer, Fadri
and Burri, Michael
and Achtelik, Markus
and Siegwart, Roland",
editor="Koubaa, Anis",
chapter="RotorS---A Modular Gazebo MAV Simulator Framework",
title="Robot Operating System (ROS): The Complete Reference (Volume 1)",
year="2016",
publisher="Springer International Publishing",
address="Cham",
pages="595--625",
isbn="978-3-319-26054-9",
doi="10.1007/978-3-319-26054-9_23",
url="http://dx.doi.org/10.1007/978-3-319-26054-9_23"
}

@INPROCEEDINGS{Lee2010,
author={T. Lee and M. Leoky and N. H. McClamroch},
booktitle={49th IEEE Conference on Decision and Control (CDC)},
title={Geometric tracking control of a quadrotor UAV on SE(3)},
year={2010},
pages={5420-5425},
keywords={aircraft control;nonlinear control systems;remotely operated vehicles;tracking;asymptotic tracking;closed loop property;geometric tracking control;nonlinear tracking controller;quadrotor UAV rigid body dynamics;quadrotor unmanned aerial vehicle;rotor thrust;special Euclidean group;vehicle body-fixed axis;Asymptotic stability;Attitude control;Propellers;Rotors;Stability analysis;Trajectory;Unmanned aerial vehicles},
doi={10.1109/CDC.2010.5717652},
ISSN={0191-2216},
month={Dec},}

@INPROCEEDINGS{Mellinger2011,
author={D. Mellinger and V. Kumar},
booktitle={2011 IEEE International Conference on Robotics and Automation},
title={Minimum snap trajectory generation and control for quadrotors},
year={2011},
pages={2520-2525},
keywords={aircraft control;mobile robots;nonlinear control systems;position control;remotely operated vehicles;3D positions;controller design;minimum snap trajectory generation;nonlinear controller;quadrotor control;three-dimensional slalom courses;trajectory tracking;yaw angles;Acceleration;Aerodynamics;Angular velocity;Force;Optimization;Rotors;Trajectory},
doi={10.1109/ICRA.2011.5980409},
ISSN={1050-4729},
month={May},}

@INPROCEEDINGS{Chen2016,
author={Jing Chen and Tianbo Liu and Shaojie Shen},
booktitle={2016 IEEE International Conference on Robotics and Automation (ICRA)},
title={Online generation of collision-free trajectories for quadrotor flight in unknown cluttered environments},
year={2016},
pages={1476-1483},
keywords={aerospace safety;autonomous aerial vehicles;collision avoidance;octrees;optimisation;sensors;state estimation;autonomous quadrotor flight;collision-free trajectories;flight corridor safety;free-space flight corridor generation;higher order dynamical constraints;mapping;octree data structure;octree-based environment representation;onboard sensing;onboard sensors;online generation;online navigation;optimization-based method;overlapping 3D grids;quadrotor aerial robot;state estimation;unknown cluttered environments;Navigation;Octrees;Robot sensing systems;Safety;Trajectory},
doi={10.1109/ICRA.2016.7487283},
month={May},}

@Inbook{Richter2016,
author="Richter, Charles
and Bry, Adam
and Roy, Nicholas",
editor="Inaba, Masayuki
and Corke, Peter",
title="Polynomial Trajectory Planning for Aggressive Quadrotor Flight in Dense Indoor Environments",
bookTitle="Robotics Research: The 16th International Symposium ISRR",
year="2016",
publisher="Springer International Publishing",
address="Cham",
pages="649--666",
isbn="978-3-319-28872-7",
doi="10.1007/978-3-319-28872-7_37",
url="http://dx.doi.org/10.1007/978-3-319-28872-7_37"
}

@phdthesis{bry2012control,
  title={Control, estimation, and planning algorithms for aggressive flight using onboard sensing},
  author={Bry, Adam Parker},
  year={2012},
  school={Citeseer}
}

 @MISC{eigenweb,
  author = {Ga\"{e}l Guennebaud and Beno\^{i}t Jacob and others},
  title = {Eigen v3},
  howpublished = {http://eigen.tuxfamily.org},
  year = {2010}
 }
 
 @misc{gurobi,
   author = "Gurobi Optimization, Inc.",
   title = "Gurobi Optimizer Reference Manual",
   year = 2016,
   url = "http://www.gurobi.com"
 }

@ARTICLE{Ferreau2014,
author = {H.J. Ferreau and C. Kirches and A. Potschka and H.G. Bock and M. Diehl},
title = {{qpOASES}: A parametric active-set algorithm for quadratic programming},
journal = {Mathematical Programming Computation},
year = {2014},
volume = {6},
number = {4},
pages = {327--363},
keywords = {qpOASES, parametric quadratic programming, active set method,
            model predictive control}
}
@article{ooqp,
 author = {Gertz, E. Michael and Wright, Stephen J.},
 title = {Object-oriented Software for Quadratic Programming},
 journal = {ACM Trans. Math. Softw.},
 issue_date = {March 2003},
 volume = {29},
 number = {1},
 month = mar,
 year = {2003},
 issn = {0098-3500},
 pages = {58--81},
 numpages = {24},
 url = {http://doi.acm.org/10.1145/641876.641880},
 doi = {10.1145/641876.641880},
 acmid = {641880},
 publisher = {ACM},
 address = {New York, NY, USA},
 keywords = {Interior-Point Methods, Object-Oriented Software, Quadratic Programming},
} 
